
@inproceedings{recombine,
title={Learning to Recombine and Resample Data For Compositional Generalization},
author={Ekin Akyurek and Afra Feyza Akyurek and Jacob Andreas},
booktitle={International Conference on Learning Representations},
year={2021},
url={https://openreview.net/forum?id=PS3IMnScugk}
}
